@article{rucker_three-dimensional_2006,
  title={Three-dimensional modelling and inversion of dc resistivity data incorporating topography—I. Modelling},
  volume={166},
  issn={0956-540X},
  url={https://doi.org/10.1111/j.1365-246X.2006.03010.x},
  doi={10.1111/j.1365-246X.2006.03010.x},
  abstract={We present techniques for the efficient numerical computation of the electrical potential with finite element methods in 3-D and arbitrary topography...},
  number={2},
  journal={Geophysical Journal International},
  author={Rücker, Carsten and Günther, Thomas and Spitzer, Klaus},
  month=aug,
  year={2006},
  pages={495--505},
}

@article{johnson_3-d_2017,
  title={3-D decoupled inversion of complex conductivity data in the real number domain},
  volume={212},
  issn={0956-540X},
  url={https://doi.org/10.1093/gji/ggx416},
  doi={10.1093/gji/ggx416},
  abstract={Complex conductivity imaging involves estimating the frequency-dependent complex electrical conductivity distribution of the subsurface...},
  number={1},
  journal={Geophysical Journal International},
  author={Johnson, Timothy C and Thomle, Jonathan},
  month=jan,
  year={2017},
  pages={284--296},
}

@article{balay2019petsc,
  title={PETSc users manual},
  author={Balay, Satish and Abhyankar, Shrirang and Adams, Mark and Brown, Jed and Brune, Peter and Buschelman, Kris and Dalcin, Lisandro and Dener, Alp and Eijkhout, Victor and Gropp, William and others},
  year={2019},
  publisher={Argonne National Laboratory}
}

@article{10.1145/2629697,
  author={Si, Hang},
  title={TetGen, a Delaunay-Based Quality Tetrahedral Mesh Generator},
  year={2015},
  issue_date={January 2015},
  publisher={Association for Computing Machinery},
  address={New York, NY, USA},
  volume={41},
  number={2},
  issn={0098-3500},
  url={https://doi.org/10.1145/2629697},
  doi={10.1145/2629697},
  abstract={TetGen is a C++ program for generating good quality tetrahedral meshes aimed to support numerical methods and scientific computing...},
  journal={ACM Trans. Math. Softw.},
  month=feb,
  articleno={11},
  numpages={36},
  keywords={mesh refinement, mesh quality, mesh improvement, flips, edge removal, constrained Delaunay, boundary recovery, Tetrahedral mesh generation, Steiner points, Delaunay}
}
